@article{Gale93,
 author = {Gale, William A. and Church, Kenneth W.},
 title = {{A program for aligning sentences in bilingual corpora}},
 journal = {Comput. Linguist.},
 issue_date = {March 1993},
 volume = {19},
 issue = {1},
 month = {March},
 year = {1993},
 issn = {0891-2017},
 pages = {75--102},
 numpages = {28},
 url = {http://dl.acm.org/citation.cfm?id=972450.972455},
 acmid = {972455},
 publisher = {MIT Press},
 address = {Cambridge, MA, USA},
} 

@article{Brown93,
 author = {Brown, Peter F. and Della Pietra, Stephen A. and Della Pietra,
 Vincent J. and Mercer, Robert L.},
 title = {The Mathematics of Statistical Machine Translation: Parameter Estimation},
 journal = {Comput. Linguist.},
 year = {1993},
} 

@inproceedings{Adafre06,
 author = {Adafre, Sisay F. and de Rijke, Maarten},
 title = {{Finding Similar Sentences Across Multiple Languages in Wikipedia}},
 booktitle = {EACL 2006 Workshop on New Text, Wikis and Blogs and Other Dynamic
Text Sources},
 year = {2006},
} 

@inproceedings{Smith10,
 author = {Smith, Jason R. and Quirk, Chris and Toutanova, Kristina},
 title = {{Extracting Parallel Sentences from Comparable Corpora using Document
Level Alignment}},
 booktitle = {NAACL 2010},
 year = {2010},
}

@article{Munteanu05,
 author = {Munteanu, Dragos Stefan and Marcu, Daniel},
 title = {{Improving Machine Translation Performance by Exploiting Non-Parallel
Corpora}},
 journal = {Comput. Linguist.},
 issue_date = {December 2005},
 volume = {31},
 issue = {4},
 month = {December},
 year = {2005},
 issn = {0891-2017},
 pages = {477--504},
 numpages = {28},
 url = {http://dx.doi.org/10.1162/089120105775299168},
 doi = {http://dx.doi.org/10.1162/089120105775299168},
 acmid = {1110828},
 publisher = {MIT Press},
 address = {Cambridge, MA, USA},
} 

@inproceedings{Fung04a,
 author = {Fung, Pascale and Cheung, Percy},
 title = {{Multi-level bootstrapping for extracting parallel sentences from a
quasi-comparable corpus}},
 booktitle = {Proceedings of the 20th international conference on Computational
Linguistics},
 series = {COLING '04},
 year = {2004},
 location = {Geneva, Switzerland},
 articleno = {1051},
 url = {http://dx.doi.org/10.3115/1220355.1220506},
 doi = {http://dx.doi.org/10.3115/1220355.1220506},
 acmid = {1220506},
 publisher = {Association for Computational Linguistics},
 address = {Stroudsburg, PA, USA},
} 

@inproceedings{Fung04b,
 author = {Fung, Pascale and Cheung, Percy},
 title = {{Mining Very-Non-Parallel Corpora: Parallel Sentence and Lexicon
Extraction via Bootstrapping and EM}},
 booktitle = {EMNLP 04},
 year = {2004},
} 

@incollection{Wu05,
   author = {Wu, Dekai and Fung, Pascale},
   affiliation = {Department of Computer Science, Human Language Technology
Center, HKUST},
   title = {{Inversion Transduction Grammar Constraints for Mining Parallel
Sentences from Quasi-Comparable Corpora}},
   booktitle = {Natural Language Processing  IJCNLP 2005},
   series = {Lecture Notes in Computer Science},
   editor = {Dale, Robert and Wong, Kam-Fai and Su, Jian and Kwong, Oi},
   publisher = {Springer Berlin / Heidelberg},
   isbn = {978-3-540-29172-5},
   keyword = {Computer Science},
   pages = {257-268},
   volume = {3651},
   year = {2005}
}

@article{Dempster77,
  title={{Maximum likelihood from incomplete data via the EM algorithm}},
  author={Dempster, A.P. and Laird, N.M. and Rubin, D.B. and others},
  journal={Journal of the Royal Statistical Society. Series B (Methodological)},
  volume={39},
  number={1},
  pages={1--38},
  year={1977},
  publisher={Royal Statistical Society}
}

@article{Oncina06,
 author = {Oncina, Jose and Sebban, Marc},
 title = {{Learning stochastic edit distance: Application in handwritten
character recognition}},
 journal = {Pattern Recogn.},
 volume = {39},
 issue = {9},
 month = {September},
 year = {2006},
 issn = {0031-3203},
 pages = {1575--1587},
 numpages = {13},
 url = {http://dl.acm.org/citation.cfm?id=1220973.1221331},
 doi = {10.1016/j.patcog.2006.03.011},
 acmid = {1221331},
 publisher = {Elsevier Science Inc.},
 address = {New York, NY, USA},
 keywords = {Finite-state transducers, Handwritten character recognition,
Stochastic edit distance},
}

@article{Ristad98,
 author = {Ristad, Eric Sven and Yianilos, Peter N.},
 title = {{Learning String-Edit Distance}},
 journal = {IEEE Trans. Pattern Anal. Mach. Intell.},
 volume = {20},
 issue = {5},
 month = {May},
 year = {1998},
 issn = {0162-8828},
 pages = {522--532},
 numpages = {11},
 url = {http://dl.acm.org/citation.cfm?id=279270.279279},
 doi = {10.1109/34.682181},
 acmid = {279279},
 publisher = {IEEE Computer Society},
 address = {Washington, DC, USA},
} 

@incollection{Moore02,
   author = {Moore, Robert},
   affiliation = {Microsoft Research Redmond WA 98052 USA},
   title = {{Fast and Accurate Sentence Alignment of Bilingual Corpora}},
   booktitle = {Machine Translation: From Research to Real Users},
   series = {Lecture Notes in Computer Science},
   editor = {Richardson, Stephen},
   publisher = {Springer Berlin / Heidelberg},
   isbn = {978-3-540-44282-0},
   keyword = {Computer Science},
   pages = {135-144},
   volume = {2499},
   year = {2002}
}

@inproceedings{Chen93,
 author = {Chen, Stanley F.},
 title = {{Aligning sentences in bilingual corpora using lexical information}},
 booktitle = {Proceedings of the 31st annual meeting on Association for
Computational Linguistics},
 series = {ACL '93},
 year = {1993},
 location = {Columbus, Ohio},
 pages = {9--16},
 numpages = {8},
 url = {http://dx.doi.org/10.3115/981574.981576},
 doi = {http://dx.doi.org/10.3115/981574.981576},
 acmid = {981576},
 publisher = {Association for Computational Linguistics},
 address = {Stroudsburg, PA, USA},
} 

@inproceedings{Quirk07,
 author = {Quirk, Chris and Udupa, Raghavendra and Menezes, Arul},
 title = {Generative Models of Noisy Translations with Applications to Parallel
 Fragment Extraction},
 booktitle = {EAMT 2007},
 year = {2007},
}

@inproceedings{Zaidan11,
 author = {Zaidan, Omar F. and Callison-Burch, Chris},
 title = {Crowdsourcing translation: professional quality from
non-professionals},
 booktitle = {Proceedings of the 49th Annual Meeting of the Association for
Computational Linguistics: Human Language Technologies - Volume 1},
 series = {HLT '11},
 year = {2011},
 isbn = {978-1-932432-87-9},
 location = {Portland, Oregon},
 pages = {1220--1229},
 numpages = {10},
 url = {http://dl.acm.org/citation.cfm?id=2002472.2002626},
 acmid = {2002626},
 publisher = {Association for Computational Linguistics},
 address = {Stroudsburg, PA, USA},
}

@inproceedings{Callison-Burch09,
 author = {Callison-Burch, Chris},
 title = {Fast, cheap, and creative: evaluating translation quality using
Amazon's Mechanical Turk},
 booktitle = {Proceedings of the 2009 Conference on Empirical Methods in Natural
Language Processing: Volume 1 - Volume 1},
 series = {EMNLP '09},
 year = {2009},
 isbn = {978-1-932432-59-6},
 location = {Singapore},
 pages = {286--295},
 numpages = {10},
 url = {http://dl.acm.org/citation.cfm?id=1699510.1699548},
 acmid = {1699548},
 publisher = {Association for Computational Linguistics},
 address = {Stroudsburg, PA, USA},
}

@inproceedings{Snow08,
 author = {Snow, Rion and O'Connor, Brendan and Jurafsky, Daniel and Ng, Andrew
Y.},
 title = {Cheap and fast---but is it good?: evaluating non-expert annotations
for natural language tasks},
 booktitle = {Proceedings of the Conference on Empirical Methods in Natural
Language Processing},
 series = {EMNLP '08},
 year = {2008},
 location = {Honolulu, Hawaii},
 pages = {254--263},
 numpages = {10},
 url = {http://dl.acm.org/citation.cfm?id=1613715.1613751},
 acmid = {1613751},
 publisher = {Association for Computational Linguistics},
 address = {Stroudsburg, PA, USA},
}

@article{Och03,
 author = {Och, Franz Josef and Ney, Hermann},
 title = {A systematic comparison of various statistical alignment models},
 journal = {Comput. Linguist.},
 issue_date = {March 2003},
 volume = {29},
 issue = {1},
 month = {March},
 year = {2003},
 issn = {0891-2017},
 pages = {19--51},
 numpages = {33},
 url = {http://dx.doi.org/10.1162/089120103321337421},
 doi = {http://dx.doi.org/10.1162/089120103321337421},
 acmid = {778824},
 publisher = {MIT Press},
 address = {Cambridge, MA, USA},
} 

@inproceedings{Tillmann09a,
    title = {A {Beam-Search} Extraction Algorithm for Comparable Data},
    booktitle = {Proceedings of the {ACL-IJCNLP} 2009 Conference Short Papers},
    author = {C. Tillmann},
    year = {2009},
    pages = {225-228}
}

@inproceedings{Tillmann09b,
    title = {A simple sentence-level extraction algorithm for comparable data},
    booktitle = {Proceedings of Human Language Technologies: The 2009 Annual Conference of the North American Chapter of the Association for Computational Linguistics, Companion Volume: Short Papers},
    author = {C. Tillmann and J. Xu},
    year = {2009},
    pages = {93-96}
}

@MISC{Ido06,
    author = {Roy Bar-Haim Ido and Ido Dagan and Bill Dolan and Lisa Ferro and
    Danilo Giampiccolo and Bernardo Magnini and Idan Szpektor},
    title = {The Second PASCAL Recognising Textual Entailment Challenge},
    year = {2006}
}

@inproceedings{Koehn03,
    title = {Statistical Phrase-Based Translation},
    author = {Philipp Koehn and Franz Josef Och and Daniel Marcu},
    booktitle = {hltnaacl},
    year = 2003,
    pages =  {127--133},
    address =    {Edmonton, Canada},
    month =  {May},
    url = {http://people.csail.mit.edu/people/koehn/publications/phrase2003.pdf}
}

@inproceedings{OchMert03,
    author = {Franz Josef Och},
    title = {Minimum Error Rate Training in Statistical Machine Translation},
    booktitle = {acl},
    year = 2003,
    address = {Sapporo, Japan},
    url = {http://acl.ldc.upenn.edu/P/P03/P03-1021.pdf},
    pages = {160--167}
}


@inproceedings{Papineni02,
    author =        "Kishore Papineni and Salim Roukos and Todd Ward and Wei-Jing Zhu",
    title =         {{BLEU}: a Method for Automatic Evaluation of Machine Translation},
    booktitle =     {acl},
    year =          2002,
    pages =         "311-318",
    address =       "Philadelpha, Pennsylvania, USA"
}

@misc{wikipedia,
    author = "Wikipedia",
    title = "Wikipedia, The Free Encyclopedia",
    year = "2004",
    url = "\url{http://en.wikipedia.org/}",
    note = "[Online; accessed 01-June-2009]"
}

@article{Resnik03,
    title = {The web as a parallel corpus},
    volume = {29},
    number = {3},
    journal = {Computational Linguistics},
    author = {P. Resnik and N. A Smith},
    year = {2003},
    pages = {349-380}
}

@conference{Zhao02,
    title={Adaptive Parallel Sentences Mining from Web Bilingual News Collection},
    author={Zhao, B. and Vogel, S.},
    booktitle={Proceedings of the 2002 IEEE International Conference on Data Mining},
    pages={745},
    year={2002},
    organization={IEEE Computer Society}
}

@inproceedings{Dagan93,
    title = {Robust bilingual word alignment for machine aided translation},
    booktitle = {Proceedings of the Workshop on Very Large Corpora: Academic and Industrial Perspectives},
    author = {I. Dagan and K. W Church and W. A Gale},
    year = {1993},
    pages = {1-8}
}

@inproceedings{Vogel96,
    title = {{HMM-based} word alignment in statistical translation},
    booktitle = {Proceedings of the 16th conference on Computational {linguistics-Volume} 2},
    author = {S. Vogel and H. Ney and C. Tillmann},
    year = {1996},
    pages = {836-841}
}

@inproceedings{Lafferty01,
    title = {Conditional random fields: Probabilistic models for segmenting and labeling sequence data},
    shorttitle = {Conditional random fields},
    booktitle = {Proceedings of the 18th International Conference on Machine Learning},
    author = {J. Lafferty and A. {McCallum} and F. Pereira},
    year = {2001},
    pages = {282-289}
}

@inproceedings{Koehn05,
    title = {Europarl: A parallel corpus for statistical machine translation},
    volume = {5},
    shorttitle = {Europarl},
    booktitle = {{MT} summit},
    author = {P. Koehn},
    year = {2005}
}

@inproceedings{Blunsom06,
 title={Discriminative Word Alignment with Conditional Random Fields},
 booktitle={Proceedings of ACL},
 author={Phil Blunsom and Trevor Cohn},
 year={2006},
}

@inproceedings{Abdul-Rauf09,
 author = {Abdul-Rauf, Sadaf and Schwenk, Holger},
 title = {On the use of comparable corpora to improve SMT performance},
 booktitle = {Proceedings of the 12th Conference of the European Chapter of the
Association for Computational Linguistics},
 series = {EACL '09},
 year = {2009},
 location = {Athens, Greece},
 pages = {16--23},
 numpages = {8},
 url = {http://dl.acm.org/citation.cfm?id=1609067.1609068},
 acmid = {1609068},
 publisher = {Association for Computational Linguistics},
 address = {Stroudsburg, PA, USA},
}

@inproceedings{Fung98,
 author = {Fung, Pascale and Yee, Lo Yuen},
 title = {An IR approach for translating new words from nonparallel, comparable
texts},
 booktitle = {Proceedings of the 36th Annual Meeting of the Association for
Computational Linguistics and 17th International Conference on Computational
Linguistics - Volume 1},
 series = {ACL '98},
 year = {1998},
 location = {Montreal, Quebec, Canada},
 pages = {414--420},
 numpages = {7},
 url = {http://dx.doi.org/10.3115/980845.980916},
 doi = {http://dx.doi.org/10.3115/980845.980916},
 acmid = {980916},
 publisher = {Association for Computational Linguistics},
 address = {Stroudsburg, PA, USA},
}

@inproceedings{Uszkoreit10,
 author = {Uszkoreit, Jakob and Ponte, Jay M. and Popat, Ashok C. and Dubiner,
Moshe},
 title = {Large scale parallel document mining for machine translation},
 booktitle = {Proceedings of the 23rd International Conference on Computational
Linguistics},
 series = {COLING '10},
 year = {2010},
 location = {Beijing, China},
 pages = {1101--1109},
 numpages = {9},
 url = {http://dl.acm.org/citation.cfm?id=1873781.1873905},
 acmid = {1873905},
 publisher = {Association for Computational Linguistics},
 address = {Stroudsburg, PA, USA},
} 

@inproceedings{Post12,
 author = {Post, Matt and Callison-Burch, Chris and Osborne, Miles},
 title = {Constructing Parallel Corpora for Six Indian Languages via
Crowdsourcing},
 booktitle = {In submission},
 year = {2012},
} 

@inproceedings{Rapp95,
 author = {Rapp, Reinhard},
 title = {Identifying word translations in non-parallel texts},
 booktitle = {Proceedings of the 33rd annual meeting on Association for
Computational Linguistics},
 series = {ACL '95},
 year = {1995},
 location = {Cambridge, Massachusetts},
 pages = {320--322},
 numpages = {3},
 url = {http://dx.doi.org/10.3115/981658.981709},
 doi = {http://dx.doi.org/10.3115/981658.981709},
 acmid = {981709},
 publisher = {Association for Computational Linguistics},
 address = {Stroudsburg, PA, USA},
} 

@inproceedings{Fung94,
 author = {Fung, Pascale and Church, Kenneth Ward},
 title = {K-vec: a new approach for aligning parallel texts},
 booktitle = {Proceedings of the 15th conference on Computational linguistics -
Volume 2},
 series = {COLING '94},
 year = {1994},
 location = {Kyoto, Japan},
 pages = {1096--1102},
 numpages = {7},
 url = {http://dx.doi.org/10.3115/991250.991328},
 doi = {http://dx.doi.org/10.3115/991250.991328},
 acmid = {991328},
 publisher = {Association for Computational Linguistics},
 address = {Stroudsburg, PA, USA},
} 

@article{Kay93,
 author = {Kay, Martin and R\"{o}scheisen, Martin},
 title = {Text-translation alignment},
 journal = {Comput. Linguist.},
 issue_date = {March 1993},
 volume = {19},
 issue = {1},
 month = {March},
 year = {1993},
 issn = {0891-2017},
 pages = {121--142},
 numpages = {22},
 url = {http://dl.acm.org/citation.cfm?id=972450.972457},
 acmid = {972457},
 publisher = {MIT Press},
 address = {Cambridge, MA, USA},
} 

@inproceedings{Huang05,
  author = {Huang, Fei and Zhang, Ying and Vogel, Stephan},
  title = {Mining key phrase translations from web corpora},
  booktitle = {Proceedings of the conference on Human Language Technology and
  Empirical Methods in Natural Language Processing},
  series = {HLT '05},
  year = {2005},
  location = {Vancouver, British Columbia, Canada},
  pages = {483--490},
  numpages = {8},
  url = {http://dx.doi.org/10.3115/1220575.1220636},
  doi = {10.3115/1220575.1220636},
  acmid = {1220636},
  publisher = {Association for Computational Linguistics},
  address = {Stroudsburg, PA, USA},
} 

@inproceedings{Shi06,
 author = {Shi, Lei and Niu, Cheng and Zhou, Ming and Gao, Jianfeng},
 title = {A DOM tree alignment model for mining parallel data from the web},
 booktitle = {Proceedings of the 21st International Conference on Computational
Linguistics and the 44th annual meeting of the Association for Computational
Linguistics},
 series = {ACL-44},
 year = {2006},
 location = {Sydney, Australia},
 pages = {489--496},
 numpages = {8},
 url = {http://dx.doi.org/10.3115/1220175.1220237},
 doi = {10.3115/1220175.1220237},
 acmid = {1220237},
 publisher = {Association for Computational Linguistics},
 address = {Stroudsburg, PA, USA},
}

@inproceedings{Dreyer08,
 author = {Dreyer, Markus and Smith, Jason R. and Eisner, Jason},
  title = {Latent-variable modeling of string transductions with finite-state
  methods},
  booktitle = {Proceedings of the Conference on Empirical Methods in Natural
  Language Processing},
  series = {EMNLP '08},
  year = {2008},
  location = {Honolulu, Hawaii},
  pages = {1080--1089},
  numpages = {10},
  url = {http://dl.acm.org/citation.cfm?id=1613715.1613856},
  acmid = {1613856},
  publisher = {Association for Computational Linguistics},
  address = {Stroudsburg, PA, USA},
} 

@inproceedings{Eisner02,
 author = {Eisner, Jason},
 title = {Parameter estimation for probabilistic finite-state transducers},
 booktitle = {Proceedings of the 40th Annual Meeting on Association for
Computational Linguistics},
 series = {ACL '02},
 year = {2002},
 location = {Philadelphia, Pennsylvania},
 pages = {1--8},
 numpages = {8},
 url = {http://dx.doi.org/10.3115/1073083.1073085},
 doi = {10.3115/1073083.1073085},
 acmid = {1073085},
 publisher = {Association for Computational Linguistics},
 address = {Stroudsburg, PA, USA},
} 
